2280 3758
166 138 208 280 J
291 140 799 321 'maranorum
976 206 1045 300 267

100 339 309 407 flammiferi
324 342 443 426 gemini
458 344 580 408 fumant
596 344 750 431 aspergine
764 344 886 430 poster:
1008 363 1050 430 25
1074 365 1077 368 ·

104 449 272 534 Portaque,
289 453 500 537 nequicquam
516 454 622 538 rigidis
638 455 776 540 permissa
793 454 927 531 nabinis,

103 550 208 623 Fonte
219 556 280 622 suit
290 559 469 643 praestructa
485 580 591 640 nov03
615 565 694 627 dum
710 566 843 628 Martius
857 582 942 626 arma

100 663 364 732 Indueretmiles.
410 666 495 744 Quae
510 669 675 754 postquam
686 672 847 736 Romulus
865 669 948 761 uitro

104 774 268 853 Obstusit3
290 791 320 838 et
333 774 425 841 strata
436 776 478 841 est
492 780 581 842 tessus
594 781 741 844 Romana
755 779 875 843 Sabinis

51 887 58 894 ’
103 881 312 968 Corporibus,
327 883 481 968 strataque
495 885 574 968 suis3
595 887 761 969 generique
770 907 919 950 cruorem
1004 902 1048 972 30

52 982 65 1006 ²
105 989 264 1074 Sanguine
275 1011 349 1054 cum
362 991 456 1054 soceri
472 992 650 1076 permiscuit
665 991 781 1074 impius
796 995 875 1075 ensis
888 1016 897 1057 r
946 986 948 995 ’

103 1091 184 1162 Pace
199 1113 304 1162 tamen
318 1097 377 1163 sisti
394 1098 523 1172 bellum,
541 1120 598 1162 nec
614 1100 647 1160 in
663 1101 773 1163 ultima
786 1099 871 1165 ferro
914 1084 921 1088 ”

104 1190 288 1280 Decerta'reJ
301 1208 418 1293 placer:
443 1206 640 1293 Tatiumque
654 1208 795 1272 accedere
811 1227 924 1292 regno:

146 1337 314 1403 Occiderat
329 1336 456 1413 Tatius,
473 1337 657 1423 populisque
672 1352 789 1421 aequata
800 1337 938 1414 duobus,

103 1444 255 1521 Romule,
269 1445 340 1529 jura
355 1444 445 1510 dabas
460 1473 468 1520 ;
491 1445 588 1530 positi
600 1466 673 1510 cum
686 1446 798 1512 caffide
809 1447 939 1511 Mavors
1006 1462 1049 1533 35

102 1553 240 1620 Talibus
255 1535 375 1619 adfatur
391 1551 578 1637 Divunque
595 1555 827 1639 hominumque
846 1567 1024 1638 parentem:

106 1667 130 1701 ‘⁸
144 1662 289 1747 Tempus
302 1662 393 1740 adest,
409 1664 546 1729 Genitor
563 1664 727 1748 (quoniam
738 1646 922 1730 ¹fundamine
933 1677 1049 1746 magno

103 1769 169 1838 Res
185 1771 332 1837 Romana
346 1774 435 1849 vaiet,
453 1794 511 1836 nee
528 1772 651 1859 praefide
666 1773 779 1858 pendet
791 1770 833 1836 ab
844 1771 926 1848 uno)
953 1840 958 1844 „

103 1879 248 1951 Praemia,
261 1900 332 1964 quae
344 1879 488 1974 promissa
498 1880 578 1944 mihi
591 1880 749 1965 dignoque
759 1875 880 1963 nepoti,

103 1986 239 2065 Solvere,
257 2003 288 2051 et
302 1988 439 2053 ablatum
455 1989 542 2052 terris
559 1990 832 2075 imponere'coeso.
975 2000 983 2018 ‘
1004 2000 1053 2066 40·

102 2095 162 2161 Tu
177 2097 255 2159 mihi
270 2096 408 2168 concisio
423 2102 584 2182 quondam
600 2099 747 2185 praesente
762 2099 908 2182 Deorum

107 2206 120 2285 s
128 2203 211 2266 Nam
225 2222 380 2276 memoro,
395 2207 589 2287 memorique
600 2207 709 2268 animo
717 2205 767 2287 pia
780 2205 873 2271 verba
887 2196 1011 2281 notavi)

104 2310 206 2375 Unus
217 2307 285 2383 erit,
302 2329 397 2392 quem
413 2322 447 2372 tu
464 2310 554 2372 tolles
571 2309 603 2374 in
619 2311 732 2381 caer'ula
747 2293 845 2386 coelii

103 2417 233 2490 Dixisti.
279 2417 362 2482 nan
373 2415 411 2480 sit
426 2417 594 2482 verborum
608 2417 624 2480 s
623 2437 729 2480 omma
741 2414 907 2483 tuorum.”
991 2405 1000 2472 ζ

81 2612 84 2619 .
104 2526 231 2594 Annuit
243 2525 459 2611 Omnipotens
472 2554 480 2603 3
502 2540 533 2592 et
547 2526 684 2591 nubibus
699 2526 770 2596 aen
784 2523 874 2622 eaecis
1004 2540 1048 2612 45

76 2677 81 2681 -
106 2635 270 2710 Oeeulun,
286 2633 471 2719 tonitrdque
485 2648 516 2698 et
530 2635 651 2721 fulgure
665 2636 774 2700 terruit
790 2634 925 2704 Urbem
950 2618 961 2632 ’

77 2788 83 2794 ·
102 2743 188 2826 Qrae
203 2742 257 2806 fibi
269 2741 423 2832 promissae
439 2743 528 2808 sensit
537 2744 701 2829 datasrgna
714 2743 845 2831 rapinae,

104 2849 296 2936 innixusque
307 2850 411 2926 bastae,
423 2850 811 2934 pressostemonecruento

104 2958 285 3044 Impavr'dus
301 2955 480 3039 conscendit
493 2980 590 3043 equor
602 2959 773 3037 Gradivus,
786 2976 816 3025 et
830 2960 900 3025 iero

104 3067 252 3133 Verberir
271 3066 445 3151 increpuit3
468 3089 668 3153 pronumque
683 3089 735 3154 per
748 3069 819 3135 a’e'ra
830 3070 928 3156 lapsus
1003 3088 1050 3157 50

94 3174 255 3242 Constitit
265 3173 299 3238 in
312 3160 435 3241 summo
450 3175 605 3247 nemorofi
618 3178 696 3241 colle
712 3178 807 3243 Palati
821 3201 830 3245 r

103 3283 511 3374 Reddentemquesuojam
528 3285 822 3377 regiajuraQririti
899 3359 902 3363 ,

528 3394 650 3470 Mna
908 3324 1090 3517 Abstulit}

992 3584 1003 3589 ’
1060 3570 1090 3709 ‘a'
