2280 3758
315 150 813 255 METn-Mottntt
969 164 1029 275 'gt
1088 248 1095 263 ,

74 298 313 391 Materiamque
323 304 380 371 suo
396 304 514 397 praebet
526 303 609 390 seges
624 300 709 369 arida
721 301 854 375 damno.
951 374 955 379 ,

80 416 180 486 Parva
192 433 318 497 queror.
362 413 492 499 Magnas
506 425 637 498 pereunt
648 431 723 477 cum
735 407 898 495 nsoenibus
911 407 1025 491 urbess

75 506 231 607 Cumque¹
246 519 307 586 suis
321 533 401 587 totas
419 519 543 607 populis
558 519 701 589 incendia
713 533 822 604 genter
960 539 1030 607 215

80 628 122 696 In
133 630 273 696 cinerem
286 643 433 707 vertunt;
457 628 549 716 sylvae
560 649 634 695 cum
650 628 814 694 montibu-s
830 629 949 695 ardent.
1014 700 1017 705 ‚

58 738 62 744 ’
81 740 182 811 Ardet
196 739 312 815 Athos,
329 736 519 823 Taurusque
532 736 631 813 Cilix,
647 752 678 803 et
692 738 845 815 Tmolus,
860 751 892 802 ct
906 737 1006 813 Oete3
1020 808 1023 813 ,

81 847 126 915 Et
140 867 227 912 nune
237 844 324 923 sicca,
340 846 426 930 prius
442 844 640 911 celeberrima
652 844 806 923 sontibus,
821 847 898 912 Ide:
998 870 1002 877 ’

76 944 315 1042 'Virgineusque
331 941 479 1032 Hehcon,
494 968 526 1019 et
539 955 686 1021 nondum
702 952 856 1040 Oeagrius
874 952 1020 1023 Haemos:
1117 1009 1120 1015 .

81 1064 184 1131 Ardet
198 1064 232 1127 in
248 1061 438 1131 immensum
453 1063 619 1149 geminatis
634 1062 760 1150 ignibus
775 1065 886 1143 AEtne,
966 1080 1031 1139 εκ

82 1172 303 1258 Parnaffusque
314 1173 429 1259 biceps,
445 1187 476 1238 et
490 1172 589 1260 Eryx,
605 1188 636 1237 et
647 1173 809 1261 Cynthus,
825 1188 856 1238 et
870 1173 1009 1261 Othrys,

82 1263 128 1355 Et
141 1281 266 1349 tandem
284 1282 439 1367 Rhodope
454 1281 580 1346 nivibus
596 1279 738 1357 caritura,
755 1280 946 1366 Mimasque,

82 1389 322 1475 Dindymaque,
333 1405 363 1454 et
379 1389 518 1475 Mycale,
535 1388 686 1472 natusque
700 1388 737 1450 ad
752 1390 832 1453 saera
843 1386 1030 1473 Cythaeron.

82 1498 156 1565 Nec
169 1495 300 1581 prosunt
317 1498 450 1582 Scythiae
468 1497 519 1565 sua
533 1495 668 1581 frigora:
692 1494 845 1559 Caucasus
861 1497 957 1574 ardet,

84 1604 222 1690 Ossaque
233 1623 307 1666 cunr
323 1603 439 1679 Pindo,
456 1602 620 1688 majorque
635 1603 787 1667 ambobus
803 1604 964 1691 Olympus
978 1626 987 1667 ε

85 1713 255 1797 A’e'riaeque
270 1714 383 1796 Alpes,
398 1725 429 1776 ct
441 1711 566 1777 nubifer
584 1710 785 1798 Apenninus.
969 1713 1033 1787 226

81 1812 186 1887 Tune
197 1818 269 1886 vero
286 1820 431 1889 Phae'ton
445 1819 600 1901 cunhise
616 1820 754 1905 partibus
772 1820 883 1887 urbm

83 1926 204 2021 Aspicit
214 1931 398 2024 accensurus
421 1949 479 1993 nec
496 1941 597 1995 tantot
615 1928 743 1997 sustinet
758 1930 872 1996 aestuat

84 2020 312 2122 Ferventesque
327 2056 427 2113 auras,
441 2038 526 2103 velut
541 2035 557 2100 ὲ
574 2036 698 2103 fornace
710 2037 880 2124 profunda,

87 2146 156 2231 Ore
164 2145 267 2222 trahit,
281 2144 443 2229 curresque
459 2145 528 2207 suos
541 2145 720 2209 candescere
734 2144 837 2212 sentit.
859 2190 863 2194 -
969 2166 1033 2235 239

86 2252 130 2323 Et
143 2273 244 2337 neque
258 2252 323 2334 jani
338 2251 457 2315 cineres
475 2250 696 2337 ejes'tatanrque
711 2253 846 2320 fauillam

53 2438 60 2447 ι
86 2360 185 2443 Ferte·
195 2358 295 2444 potest
308 2388 316 2437 ς
339 2359 502 2445 calidoque
517 2359 688 2426 involvitur
702 2361 841 2446 undique
856 2361 959 2429 suino.

85 2468 229 2554 Qroque
243 2438 372 2544 eatssfsrt
387 2465 443 2530 ubt
460 2466 495 2532 stt
509 2466 597 2553 picei
611 2467 742 2553 caligine
759 2469 861 2535 tesius

84 2576 197 2647 Nescit
208 2605 216 2654 ;
239 2592 270 2642 et
282 2576 409 2653 arbitrio
420 2578 585 2642 volucrum
598 2592 734 2664 raptatur
745 2600 914 2664 equorum.

88 2685 247 2781 Sanguine
258 2700 326 2748 tuni
339 2687 471 2751 creduut
487 2686 520 2750 in
536 2707 667 2773 corpora
683 2689 805 2753 summa
815 2705 926 2756 vocato
957 2710 1036 2779 ,235
1094 2735 1098 2741 -

87 2792 283 2878 AEthiopunt
296 2795 427 2879 populos
444 2792 570 2878 nigrum
587 2794 705 2859 traxisse
718 2797 868 2864 colorent.
938 2870 942 2876 ,
1024 2866 1027 2873 ,

87 2898 180 2966 Tum
191 2901 270 2965 fana
284 2899 327 2964 est
345 2886 444 2986 Libye
459 2901 551 2986 raptis
565 2904 751 2968 humoribus
765 2906 840 2971 aestu

87 3009 187 3074 Arida
203 3038 212 3090 ἦ
234 3023 304 3074 tum
319 3011 481 3095 Nynrphae
497 3010 583 3096 passis
599 3013 759 3099 sontesque
770 3014 917 3102 lacusque
1006 3062 1009 3067 -

88 3114 256 3186 Deflevssre
268 3119 381 3184 contis.
428 3114 576 3202 Queriter
592 3120 717 3186 Boeotia
731 3122 882 3201 Dircen,-

88 3210 883 3335 Argosamymonem,uprsyrePirenidaeunuas.
927 3276 930 3285 ·
972 3252 1038 3331 240

111 3382 114 3391 ·
688 3342 704 3354 ”
962 3339 1036 3407 Nec
1091 3342 1095 3348 '
