2280 3758
87 240 163 342 'opi
279 227 744 343 'ExottlD'II

87 381 139 451 Ex
154 399 224 456 aere,
244 390 275 444 et
296 366 398 444 solido
411 370 515 450 rerum
527 362 674 461 tabularia
689 380 792 445 ferro:
817 358 849 385 '¹'
923 462 926 469 .

87 491 174 575 Qrae
189 511 290 575 neque
304 489 491 557 concursum
506 490 592 570 coeli,
608 509 712 575 neque
726 485 868 561 fulminis
881 489 977 575 iram}

85 603 159 671 Nec
172 613 321 703 metuunt
332 601 420 674 ullas,
435 612 502 663 tuta
512 613 604 684 atque
619 586 744 676 citerna,
757 597 878 730 ruinae.

87 692 233 783 Invenies
250 708 315 774 illle
336 708 438 772 iuclul
436 731 453 772 a
467 709 630 780 adamante
649 707 831 795 perenni

87 823 166 893 Fata
179 836 225 884 tur
239 837 373 903 geuene
420 818 497 902 Legi
514 817 597 905 iple5
620 839 790 912 ammoque
794 817 932 888 notan
988 806 1084 929 po·

86 931 131 999 Et
143 951 172 992 re
175 928 292 992 lteram
316 950 356 992 ne
370 926 408 991 fis
423 926 601 992 etiamnum
616 927 721 1012 ignara
732 909 842 993 futuri.
909 932 924 949 '

87 1040 184 1109 Hicl
180 1062 220 1104 ua
233 1036 402 1122 complevit
421 1042 492 1121 (pro
506 1058 583 1121 quo,
593 1035 760 1121 Cytherea,
773 1036 907 1120 laboras)

86 1148 261 1235 Tempora,
274 1146 427 1233 perleiiiu
443 1167 524 1238 quos
539 1152 626 1208 terrae
641 1143 760 1236 debuit,
775 1144 880 1210 annis·

86 1261 137 1328 Ut
151 1262 240 1328 Deus
253 1257 374 1330 accedat
388 1256 483 1330 coelo‚
501 1253 685 1340 templisque
696 1256 829 1334 colatur,

87 1369 147 1435 Tu
162 1368 264 1443 facies,
281 1366 430 1450 natusque
445 1365 528 1441 sune,
544 1365 600 1455 qui
616 1366 756 1430 nominis
768 1367 867 1431 haeres
991 1388 1032 1459 ῃ

42 1548 45 1551 ,
88 1476 276 1562 Impositum
291 1476 367 1539 feret
382 1470 479 1541 Urbis
495 1495 598 1541 onus:
622 1474 751 1559 caefique
759 1477 901 1560 parentis

75 1584 183 1667 ,Νρε
172 1606 210 1647 rn
221 1581 326 1683 bellai
326 1606 382 1647 uos
396 1583 578 1647 sortisfimus
589 1586 675 1656 ultor
686 1582 859 1658 habebit

84 1686 179 1766 illius
194 1677 335 1778 auspiciis
352 1690 474 1753 obsellae
489 1691 609 1754 moenia
624 1713 731 1776 pacem
826 1734 829 1737 -

87 1803 187 1871 vitta
201 1817 306 1887 petent
320 1798 481 1874 Mutine·
506 1799 659 1865 Pharsalia
674 1800 783 1866 sentiet
797 1802 898 1881 illum',

87 1908 321 1994 Emathiique
313 1922 427 1971 nerum
443 1909 532 1979 made
535 1909 606 1973 fatti
621 1910 703 1974 eade
724 1907 881 1998 Philippi:
987 1915 1032 1990 aa

87 2022 131 2089 Et
147 2038 298 2099 magnum
316 2016 424 2087 Siculis
440 2037 557 2080 nomen
574 2015 766 2102 superabitur
781 2020 894 2094 undite

85 2124 290 2208 Romanique
304 2122 392 2187 ducis
407 2121 525 2206 conjux
542 2125 702 2211 AEgyptia,
718 2129 796 2193 tedae

86 2238 170 2306 Non
185 2234 264 2300 bene
282 2213 350 2309 fila}
364 2230 451 2327 cadet
465 2253 485 2318 ;¹
496 2230 667 2318 frustraque
677 2237 736 2299 erit
750 2237 800 2302 illa
814 2238 945 2322 minata,
1076 2288 1080 2298 .

87 2346 244 2414 Servitura
259 2343 314 2406 suo
327 2334 483 2426 Capitolia
499 2343 600 2406 nollra
615 2342 762 2429 Canopo.

87 2455 178 2539 Quid
192 2453 247 2517 tibi
261 2451 450 2527 Barbariem,
466 2465 573 2535 gentes
589 2452 627 2514 ab
642 2468 777 2538 utroque
787 2454 922 2538 jacentes
987 2458 1006 2528 8
1008 2430 1041 2551 ςχ

87 2568 230 2640 Oceano,
247 2560 435 2627 numerem?
457 2561 670 2645 quodcunque
684 2561 849 2627 habitabile
864 2565 956 2631 tellut

87 2675 235 2760 Sustinet,
251 2669 346 2751 hujus
359 2668 426 2732 erit.
440 2660 444 2667 ¹
475 2670 596 2733 Pontus
607 2668 734 2757 quoque
746 2670 921 2747 servietilli.

84 2782 167 2848 Pace
181 2779 252 2844 dati
268 2781 369 2853 terrie,
384 2775 529 2840 animum
544 2777 581 2840 ad
597 2777 699 2841 civilia
712 2793 809 2844 vertet

86 2891 165 2975 Jura
179 2868 282 2959 suum,
299 2885 439 2970 legesque
453 2886 529 2966 feret
540 2885 723 2966 justiffimur
739 2889 850 2955 auctor
863 2913 871 2958 ε

85 2982 306 3079 Exemploque
322 2995 383 3058 rue
393 3014 495 3059 mores
511 3009 613 3080 reget:
637 2996 732 3099 inque
746 2998 853 3091 futuri
986 3000 1029 3093 qu

85 3102 259 3188 Temporis
277 3120 396 3167 aetatem
413 3117 681 3191 venturorumque
696 3123 848 3194 nepotum

49 3211 291 3297 Prospiciens‚
310 3215 430 3296 prolem
451 3211 554 3277 sanila
570 3216 607 3277 de
622 3215 757 3298 coniuge
772 3233 877 3283 natam

83 3320 179 3395 Fene
193 3321 285 3397 simul
297 3341 479 3413 nomenque
493 3320 586 3390 luum
600 3323 748 3410 curasque
759 3324 897 3410 jubebit.

768 3436 772 3443 ’
839 3426 842 3431 ⁴
942 3435 1029 3524 Nec,
