2280 3758
122 202 196 280 270
354 177 829 295 ‚Ee0v1D11r

119 339 225 405 Carne
237 337 308 405 ferae
320 339 424 406 sedant
432 341 553 426 jejunia
565 368 575 420 3
592 361 649 404 nec
662 356 767 426 tamen
778 358 889 405 omnes
902 359 914 403 t

120 440 249 537 Quippe
269 432 381 534 equus,
405 463 436 514 et
460 449 606 536 pecudes,
633 462 836 534 armentaque
857 442 1064 540 graminosi·

272 573 364 624 runt.
768 544 773 549 ’
1025 574 1064 645 25

120 667 169 734 At
184 667 298 754 quibus
315 667 479 752 ingenium
490 668 532 732 ess
545 668 865 755 immansuetumque,
877 667 1054 758 serumque,

122 776 287 843 Armeniae
312 777 417 862 tigres,
443 777 646 869 iracundique
670 763 788 855 leones,
821 758 847 856 ⁸,
914 786 917 791 '

18 948 22 962 ,
123 885 274 969 Cumque
289 885 369 970 lupis
382 885 452 954 ursi,
465 886 596 968 dapibus
610 906 684 951 curn
698 886 844 969 sauguine
854 888 1004 972 gaudent.

123 993 197 1061 Heu
209 1005 364 1077 quantum
376 992 471 1056 scelus
486 993 541 1070 cst,
557 993 592 1056 in
607 994 719 1060 viscera
733 996 846 1059 viscera
860 995 967 1075 condi,

119 1101 345 1187 Congestoque
358 1102 484 1166 avidum
496 1101 692 1187 pinguescere
701 1124 832 1189 corpore
844 1125 959 1190 corpus
972 1129 981 1182 ;
1026 1118 1066 1194 30

125 1210 327 1295 Alteriusque
341 1211 532 1278 animantem
547 1211 715 1276 animantis
730 1212 832 1276 uivere
843 1214 906 1276 leto
921 1213 928 1278 !

124 1318 246 1388 Scilicet
261 1320 295 1385 in
309 1322 401 1386 tantis
418 1321 544 1404 opibus,
563 1342 640 1405 quas
656 1321 774 1405 optima
789 1306 930 1387 matrum
1044 1307 1049 1313 ²

26 1435 36 1444 “
126 1428 230 1494 Terra
244 1429 333 1512 parit,
352 1430 397 1492 uil
408 1445 437 1492 te
448 1428 505 1497 nisi
519 1427 614 1492 tristia
631 1429 868 1493 manderesaevo

127 1534 273 1601 Vulnera
284 1536 396 1620 dentej
402 1552 482 1613 uvat,
496 1538 576 1600 ritus
572 1557 632 1622 que
647 1537 756 1601 referre
768 1537 1015 1643 Cyclopum?

126 1643 163 1710 N
166 1666 211 1721 ec
228 1643 284 1707 nisi
300 1645 464 1730 perdideris
481 1646 590 1722 alium,
609 1646 726 1732 placare
742 1644 875 1729 voracis,
1029 1660 1069 1739 33

125 1749 172 1821 Et
185 1753 264 1818 male
282 1753 394 1823 morati
411 1753 525 1838 poteris
537 1754 658 1837 jejunia
672 1752 820 1824 ventris?

126 1863 173 1929 At
185 1877 271 1925 vetus
288 1862 438 1945 illaesas,
455 1861 507 1927 cui
522 1863 652 1927 fecimus
670 1863 772 1925 rlurea
789 1881 919 1939 nomen,
1012 1893 1015 1896 >
1044 1891 1047 1895 ·

126 1969 274 2036 Foetibus
290 1969 436 2045 arboreis,
453 1985 492 2037 et,
510 1990 587 2054 quas
602 1972 721 2038 humus
735 1972 855 2048 educat,
870 1971 979 2041 serbis
1088 2002 1094 2013 ·

128 2073 302 2146 Fortunata
313 2077 391 2152 fuit,
416 2099 472 2144 nec
488 2080 600 2166 polluit
611 2102 664 2145 ora
678 2101 800 2155 eruore,

173 2212 275 2277 Tune
287 2224 317 2274 et
331 2230 400 2272 aves
414 2222 492 2272 tutae
508 2208 637 2277 movsre
653 2231 706 2296 per
720 2210 789 2275 adra
804 2230 920 2296 pennas
933 2237 944 2290 3
1030 2232 1075 2301 qo

129 2321 175 2392 Et
189 2323 274 2406 lepus
290 2310 463 2404 impauidus
480 2319 590 2387 mediis
606 2320 716 2383 erravit
731 2319 763 2382 in
778 2320 856 2404 agris
870 2343 878 2390 t

88 2430 93 2436 ’
127 2431 203 2499 Nec
217 2430 269 2494 sua
282 2431 444 2503 credulitas
459 2429 573 2515 piscem
589 2430 782 2514 suspenderat
792 2430 900 2500 hamo.

48 2550 50 2555 ’
130 2539 331 2608 Cunssasrui:
344 2537 471 2616 insidiis,
485 2541 666 2624 nullamque
677 2538 819 2605 timentia
832 2538 987 2615 fraudem,
1049 2568 1052 2573 ·

130 2649 290 2733 Plenaque
305 2648 388 2734 pacis
402 2662 500 2711 erant.
549 2646 715 2732 Poslquans
735 2648 801 2714 non
818 2647 901 2712 utilis
916 2646 1028 2714 ands-ot

130 2737 404 2823 Visiibusinvidit
425 2756 576 2842 (quisquis
592 2757 652 2821 suit
665 2757 716 2820 ille
731 2757 885 2838 virorum)

84 2936 87 2941 ,
130 2865 365 2950 Corporeasque
379 2868 469 2952 dapes
485 2867 606 2932 avidam
620 2866 762 2931 demersit
778 2867 810 2930 in
823 2867 951 2946 alvum3

25 3017 26 3021 ,
131 2973 222 3042 Fecit
232 2974 289 3039 iter
301 2975 401 3039 sceleri
414 3004 422 3048 J
446 2974 607 3060 primique
622 2974 638 3039 ὲ
652 2976 734 3039 cae'de
746 2975 883 3041 serarum

130 3079 295 3148 Incaluisle
306 3099 417 3169 ,putem
434 3087 623 3149 maculatum
639 3084 786 3168 sanguine
799 3083 939 3150 serrum:

18 3256 24 3279 ι
131 3189 231 3275 quue
243 3190 314 3256 satis
329 3193 448 3269 fuerat;
474 3193 681 3277 nostrumque·
692 3192 826 3277 petentia
838 3194 937 3260 letum

133 3299 277 3391 Corpora
288 3300 375 3368 missa
384 3301 454 3371 neci
465 3301 544 3372 salvs
557 3301 667 3392 pietate
682 3302 837 3372 fatemur:
854 3334 859 3341 ·
