2280 3758
77 171 124 271 26
301 158 768 258 ExOVIDiI·

72 310 176 396 Finge
189 311 276 388 datos
292 334 412 393 currus.
459 310 547 394 Qrid
564 310 654 395 agas?
677 307 830 395 poterisne
849 311 956 395 rotatis

74 421 201 488 Obvius
217 425 260 485 ire
275 425 366 507 posia,
383 444 423 486 ne
437 435 558 485 tecrrus
575 420 691 484 auferat
705 421 792 501 axis?
825 478 828 485 .
980 436 1022 509 75

72 520 217 616 Forsitan
231 533 359 625 etlucos
376 528 450 606 iilic,
473 527 624 612 urbesque
638 529 784 619 Deorum
1009 557 1017 584 a
1036 560 1040 567 »

73 637 244 725 Concipias
261 624 379 713 animo,
396 639 584 721 delubraque
604 637 678 701 ditia
693 639 784 702 donis

72 747 156 814 Esse.
202 750 261 812 Per
276 747 399 810 infidias
417 745 473 810 iter
487 744 541 821 est,
557 746 733 831 formasque
753 747 885 814 serarum

73 851 186 940 thue
201 860 283 938 viam
299 853 414 928 tenear,
432 858 581 941 nulloque
596 875 697 944 errore
718 857 869 941 trahari83
889 795 920 903 'i

71 963 134 1030 Per
153 978 259 1028 tamen
273 963 385 1029 adversi
397 965 540 1047 gradieris
554 953 672 1028 cornua
687 961 802 1040 Tauri,

73 1066 323 1158 Haemoniosque
345 1062 445 1149 arcuo,
463 1073 655 1163 violentique
669 1095 723 1136 ora
738 1072 871 1154 Leonis,

73 1183 224 1267 sevaque
235 1182 367 1244 circuitu
383 1197 563 1245 curvantem
580 1181 702 1244 brachia
716 1172 824 1267 longo.

40 1293 51 1304 '
76 1290 237 1376 Scorpion,
253 1307 344 1376 atque
357 1294 440 1354 aliter
457 1304 638 1354 curvantem
653 1288 776 1355 brachia
787 1290 963 1362 Cancrum.

2 1420 8 1427 ·
72 1388 846 1485 Nectibiquadrupedesanimosoeignibus'iilis,
899 1412 901 1416 ‘
1010 1399 1012 1403 ¹

74 1506 170 1593 Quos
182 1510 214 1572 in
227 1510 349 1592 pesiore
360 1497 486 1586 habent,
501 1531 581 1592 quos
593 1529 646 1571 ore
657 1522 687 1570 et
698 1508 824 1572 naribus
834 1504 951 1586 efflant,
976 1509 1019 1598 85
1052 1514 1055 1519 ’

73 1615 115 1682 ln
128 1632 275 1702 promptu
293 1637 394 1699 regere
409 1617 461 1680 est.
508 1616 576 1679 Vix
591 1638 641 1679 me
657 1617 829 1702 patiuntur,
841 1631 888 1707 ‘ut
901 1639 983 1683 acres

50 1726 54 1732 ’
73 1724 238 1791 Incaluere
253 1728 370 1802 animi;
393 1727 560 1807 cervixque
577 1738 729 1806 repugnat
744 1715 899 1819 habenis,
970 1753 980 1767 ,

75 1834 122 1900 Ar
138 1848 183 1910 tu,
200 1833 313 1896 funesti
328 1855 367 1895 ne
383 1831 437 1894 sim
455 1831 511 1892 rrbi
528 1829 666 1892 mune‘ria
683 1818 804 1908 aucior,

72 1941 171 2016 Nate,
187 1962 281 2014 cave,
306 1941 384 2004 dum
400 1941 505 2026 resque
516 1937 598 2015 srnir,
614 1952 666 2002 tua
677 1941 794 2024 corrige
810 1953 892 2007 vota.

75 2050 209 2126 Scilicet,
227 2064 261 2112 ut
278 2049 384 2112 nostro
399 2049 543 2132 genitum
559 2066 587 2112 re
605 2049 752 2133 sanguine
772 2053 887 2128 credas,
977 2075 1022 2140 90

72 2158 212 2243 Pignora
228 2174 308 2222 certa
324 2159 412 2242 petis.
459 2159 515 2224 Do
530 2157 659 2244 pignora
673 2173 752 2223 certa
768 2161 933 2243 timend03

65 2266 120 2333 ·Et
130 2268 229 2350 patrio
245 2287 328 2352 parer
342 2266 400 2331 esse
414 2282 502 2332 metu
514 2269 641 2352 probor.
686 2270 797 2355 Aspice
813 2271 919 2334 vuitus

73 2375 159 2457 Eece
173 2397 282 2451 meos;
306 2379 491 2463 utinamque
507 2383 614 2441 oculos
632 2377 664 2441 in
679 2379 804 2463 pociora
816 2377 914 2462 possea

73 2482 224 2562 Inserere,
239 2500 270 2548 et
284 2488 392 2570 patrias
408 2488 493 2552 intus
508 2488 693 2573 deprendere
711 2486 812 2551 cu'ras.
933 2478 936 2485 ’

6 2619 10 2626 ’
75 2594 226 2679 Denique
238 2596 391 2686 quidquid
408 2596 499 2659 haber
515 2597 613 2673 dives,
627 2593 840 2680 circumspice,
857 2596 1019 2667 mundus:

74 2702 169 2787 Eque
179 2718 224 2765 tot
237 2726 271 2767 ac
282 2707 374 2767 tamis
390 2707 463 2768 coeli
480 2721 629 2788 rerraeque
645 2701 797 2788 marisque
953 2729 956 2732 ’
979 2705 1020 2792 96

2 2887 3 2891 η
74 2806 173 2878 Posce
187 2813 278 2875 bonis
294 2815 432 2899 aliquid,
457 2816 575 2877 nullam
592 2812 703 2896 pariere
718 2810 886 2896 repulsam.

2 3256 6 3269 Γ

25 3224 37 3261 ,Ι
118 3213 120 3216 Ι

13 3272 34 3305 ΙΙ

73 3249 333 3336 Qridmeac'osla
345 3263 428 3315 tener
444 3245 578 3334 blandis,
594 3247 710 3340 ignare,
727 3249 868 3322 lacertis?
959 3242 1019 3321 roo

1 3282 17 3457 r.
115 3444 122 3453 ,

73 2920 236 3005 Deprecor
251 2923 312 2985 hoe
327 2944 429 2986 unum
443 2921 559 3006 ;·qnod
573 2940 647 2983 vero
664 2920 916 3007 norninepoena,

71 3027 157 3094 Non'
179 3030 283 3095 honor
312 3031 365 3095 est.
424 3032 571 3105 Poeriam,
601 3028 773 3108 Plra'e'ron,
793 3053 848 3117 pro
876 3055 1017 3119 munere,

199 3172 202 3187 =
227 3139 337 3224 poscrs.

856 3330 1134 3436 :Nc-
